@misc{openai2023chatgpt4,
  author = {{OpenAI's ChatGPT}},
  year = 2023,
  note = {2023-11-10 [Large language model]},
  howpublished = {Version GPT-4},
  url = {https://chat.openai.com/share/9b92491c-b1fc-47a6-a54b-b20e6b36d7b8}
}

@misc{chatgptconversation,
  author = {Christian Rene Thelen},
  title = {Conversation with ChatGPT: Eigenvalues \& Eigenvectors},
  howpublished = {Chat with OpenAI's ChatGPT model},
  year = {2023},
  month = {06},
  note = {Version May 24, accessed on 2023-06-14},
  url = {https://chat.openai.com/share/9b92491c-b1fc-47a6-a54b-b20e6b36d7b8}
}